<?xml version='1.0' encoding='UTF-8'?>
<record xmlns="http://www.loc.gov/MARC21/slim">
  <leader>01422cam a2200289 a 4500</leader>
  <controlfield tag="001">1070375</controlfield>
  <controlfield tag="003">NjP</controlfield>
  <controlfield tag="005">20171030093701.0</controlfield>
  <controlfield tag="008">960717s1988    ir       b    000 0 ara d</controlfield>
  <datafield tag="024" ind1="7" ind2=" ">
    <subfield code="a">princeton_aco002746</subfield>
    <subfield code="2">local</subfield>
  </datafield>
  <datafield ind1=" " ind2=" " tag="035">
    <subfield code="a">(OCoLC)35143519</subfield>
  </datafield>
  <datafield ind1=" " ind2=" " tag="035">
    <subfield code="a">(CStRLIN)NJPG96-B39673</subfield>
  </datafield>
  <datafield ind1=" " ind2=" " tag="035">
    <subfield code="9">CCE9601TS</subfield>
  </datafield>
  <datafield ind1=" " ind2=" " tag="040">
    <subfield code="a">NjP</subfield>
    <subfield code="c">NjP</subfield>
  </datafield>
  <datafield ind1=" " ind2=" " tag="043">
    <subfield code="a">a-ir---</subfield>
  </datafield>
  <datafield ind1="0" ind2="0" tag="245">
    <subfield code="a">Fāṭimah bint al-Imām Mūsá ibn Jaʻfar ʻalayhimā al-salām :</subfield>
    <subfield code="b">mashhadʹhā bi-madīnat Qum al-muqaddasah ḥaram Ahl al-Bayt wa-ʻushsh Āl Muḥammad : wa-ʻAlī ibn al-Imām Muḥammad ibn ʻAlī al-Bāqir ʻalayhimā al-salām : mashhaduhu bi-"Warāridhār" bayna Kāshān wa-Qum al-muqaddasah.</subfield>
  </datafield>
  <datafield ind1="1" ind2="4" tag="246">
    <subfield code="a">Fāṭimah bint Mūsá ibn Jaʻfar</subfield>
  </datafield>
  <datafield ind1=" " ind2=" " tag="250">
    <subfield code="a">al-Ṭabʻah 1.</subfield>
  </datafield>
  <datafield ind1=" " ind2=" " tag="260">
    <subfield code="a">Qum :</subfield>
    <subfield code="b">Madrasat al-Imām al-Mahdī,</subfield>
    <subfield code="c">1409 [1988]</subfield>
  </datafield>
  <datafield ind1=" " ind2=" " tag="300">
    <subfield code="a">40 p. ;</subfield>
    <subfield code="c">24 cm.</subfield>
  </datafield>
  <datafield ind1="1" ind2=" " tag="490">
    <subfield code="a">Manshūrāt Madrasat al-Imām al-Mahdī ʻalayhi al-salām ;</subfield>
    <subfield code="v">39</subfield>
  </datafield>
  <datafield ind1=" " ind2=" " tag="504">
    <subfield code="a">Includes bibliographical references.</subfield>
  </datafield>
  <datafield ind1="0" ind2="0" tag="600">
    <subfield code="a">Fāṭimah bint Mūsá ibn Jaʻfar,</subfield>
    <subfield code="d">799-816.</subfield>
    <subfield code="0">http://id.loc.gov/authorities/names/nr96026842</subfield>
  </datafield>
  <datafield ind1="1" ind2="0" tag="600">
    <subfield code="a">Bāqir, ʻAlī ibn Muḥammad.</subfield>
    <subfield code="0">http://id.loc.gov/authorities/names/nr96026844</subfield>
  </datafield>
  <datafield ind1=" " ind2="0" tag="651">
    <subfield code="a">Qum (Iran)</subfield>
    <subfield code="0">http://id.loc.gov/authorities/names/n82131780</subfield>
  </datafield>
  <datafield ind1=" " ind2="0" tag="830">
    <subfield code="a">Manshūrāt Madrasat al-Imām al-Mahdī ;</subfield>
    <subfield code="v">raqm 39.</subfield>
  </datafield>
  <datafield ind1=" " ind2=" " tag="998">
    <subfield code="a">07/17/96</subfield>
    <subfield code="s">9114</subfield>
    <subfield code="n">NjP</subfield>
    <subfield code="d">07/17/96</subfield>
    <subfield code="c">JEB</subfield>
    <subfield code="b">JEB</subfield>
    <subfield code="i">960717</subfield>
    <subfield code="l">NJPG</subfield>
  </datafield>
  <datafield ind1=" " ind2=" " tag="911">
    <subfield code="a">19960725</subfield>
  </datafield>
  <datafield ind1=" " ind2=" " tag="912">
    <subfield code="a">19960820051558.0</subfield>
  </datafield>
  <datafield ind1="0" ind2="0" tag="852">
    <subfield code="0">1232310</subfield>
    <subfield code="b">rcppa</subfield>
    <subfield code="t">1</subfield>
    <subfield code="h">BP80.F37</subfield>
    <subfield code="i">F374 1988</subfield>
    <subfield code="x">tr fr arab</subfield>
  </datafield>
  <datafield ind1=" " ind2=" " tag="959">
    <subfield code="a">2000-06-13 00:00:00 -0500</subfield>
  </datafield>
</record>
